
% MANUAIS

@manual{mpasm-mplink-mplib-user-guide,
  title={MPASM\texttrademark Assembler, MPLINK\texttrademark Object Linker, MPLIB\texttrademark Object Librarian Userâ€™s Guide},
  author={Mike Garbutt},
  organization = {Microchip Technology Inc.},
  year = {2003},
}

@article{microchip2003an774,
  title={Asynchronous Communications with the PICmicro{\textregistered} USART},
  author={Mike Garbutt},
  year = {2003},
  journal={AN774, Microchip Technology Inc}
}

@article{microchip2004an907,
  title={Stepping Motors Fundamentals},
  author={Reston Condit and Douglas W. Jones},
  year = {2004},
  journal={AN907, Microchip Technology Inc}
}


@manual{mach4-gcode-reference,
title = {Mach4 CNC Controller Mill Programming Guide},
organization = {Newfangled Solutions, Artsoft USA},
url = {http://www.machsupport.com/wp-content/uploads/2014/05/Mach4\%20Mill\%20GCode\%20Manual.pdf},
urlaccessdate = {19 Maio 2016},
year = {2014}


}

% DATASHEETS

@article{pic16f877a2013datasheet,
  title = {PIC16F87XA Data Sheet},
  organization = {Microchip Technology Inc.},
  url={http://ww1.microchip.com/downloads/en/DeviceDoc/39582C.pdf},
  urlaccessdate={15 Maio 2016},
  year = {2013}
  }

@manual{ft232manual,
  title={FT232R USB UART IC Datasheet},
  organization={Future Technology Devices International Limited.},
  url={http://www.ftdichip.com/Support/Documents/DataSheets/ICs/DS_FT232R.pdf},
  urlaccessdate={17 Maio 2016},
  year={2015}
}


% LIVROS

@Book{suh2008theory,
  title={Theory and design of CNC systems},
  author={Suh, Suk-Hwan and Kang, Seong Kyoon and Chung, Dae-Hyuk and Stroud, Ian},
  year={2008},
  publisher={Springer Science \& Business Media}
}

@Book{smid2003cnc,
 author = {Smid, Peter},
 title = {CNC programming handbook : a comprehensive guide to practical CNC programming},
 publisher = {Industrial Press},
 year = {2003},
 address = {New York},
 edition = {2}
 }

@Book{overby2011cnc,
 author = {Overby, Alan},
 title = {CNC machining handbook : building, programming, and implementation},
 publisher = {McGraw-Hill},
 year = {2011},
 address = {New York}
 }
 
@Book{radhakrishnan2008cad/cam/cim,
 author = {Radhakrishnan, P},
 title = {CAD/CAM/CIM},
 publisher = {New Age International (P) Ltd., Publishers},
 year = {2008},
 address = {New Delhi}
 }

@Book{noergaard2005embedded,
  Author = {Tammy Noergaard},
  Title = {Embedded Systems Architecture: A Comprehensive Guide for Engineers and Programmers},
  Publisher = {Newnes},
  Year = {2005}
}

@Book{wilmshurst2006designing,
  title={Designing embedded systems with PIC microcontrollers: principles and applications},
  author={Wilmshurst, Tim},
  year={2006},
  publisher={Newnes},
  edition={2}
}

@book{borowik2011interfacing,
 author = {Borowik, Bohdan},
 title = {Interfacing PIC microcontrollers to peripherial devices},
 publisher = {Springer},
 year = 2011,
 address = {Dordrecht New York},
 isbn = {978-94-007-1118-1}
 }

@book{bates2006interfacing,
 author = {Bates, Martin},
 title = {Interfacing PIC microcontrollers embedded design by
                  interactive simulation},
 publisher = {Newnes},
 year = 2006,
 address = {Oxford Burlington, MA},
 isbn = {978-0-7506-8028-8}}




@Book{ganssle2007embedded,
  editor = 	 {Ganssle, Jack},
  title = 	 {Embedded Systems: World Class Designs},
  publisher = 	 {Newnes},
  year = 	 2007,
  edition = 	 1,
}

@book{crisp2004introduction,
  author = {Crisp, John},
  title = {Introduction to Microprocessors and Microcontrollers},
  publisher = {Newnes},
  year = {2004},
  address = {Oxford Burlington, MA},
  edition = {2}
}

@book{dijasio2007pic,
  Author = {Lucio Di~Jasio and Tim Wilmshurst and Dogan Ibrahim and John Morton and Martin P. Bates
                  and Jack Smith and David W Smith and Chuck Hellebuyck},
  Title = {PIC Microcontrollers: Know It All},
  Publisher = {Newnes},
  Year = 2007,
}

@book{predko2007programming,
  Author = {Predko, Myke},
  Title = {Programming and Customizing the PIC Microcontroller},
  Publisher = {McGraw-Hill Education TAB},
  Year = 2007
}

@book{axelson2000serial,
  Author = 	 {Axelson, Jan},
  Title = 	 {Serial Port Complete: Programming and circuits for RS-232 and RS-485 links and
                  networks},
  Publisher = 	 {Lakeview Research},
  Year = 	 {2000}
}

@Book{yeadon2001handbook,
  author = 	 {William H. Yeadon and Alan W. Yeadon},
  editor = 	 {William H. Yeadon},
  title = 	 {Handbook of Small Electric Motors},
  publisher = 	 {McGraw-Hill},
  year = 	 {2001}
}

@Book{valdes2009microcontrollers,
  author = 	 { Fernando E. Valdes--Perez and Ramon Pallas--Areny},
  title = 	 {Microcontrollers: fundamentals and applications with PIC},
  publisher = 	 {CRC Press},
  year = 	 2009,
  address = 	 {Boca Raton},
  edition = 	 1,
}

@book{lutz2013learning,
  title={Learning python},
  author={Lutz, Mark},
  year=2013,
  publisher={O'Reilly},
  edition=4
}